@article{simon1971human,
  title={Human problem solving: The state of the theory in 1970.},
  author={Simon, Herbert A and Newell, Allen},
  journal={American Psychologist},
  volume={26},
  number={2},
  pages={145},
  year={1971},
  publisher={American Psychological Association}
}

@article{clark2019state,
  title={The state of speech in hci: Trends, themes and challenges},
  author={Clark, Leigh and Doyle, Philip and Garaialde, Diego and Gilmartin, Emer and Schl{\"o}gl, Stephan and Edlund, Jens and Aylett, Matthew and Cabral, Jo{\~a}o and Munteanu, Cosmin and Edwards, Justin and others},
  journal={Interacting with Computers},
  volume={31},
  number={4},
  pages={349--371},
  year={2019},
  publisher={Oxford University Press}
}

@article{simon1995artificial,
  title={Artificial intelligence: an empirical science},
  author={Simon, Herbert A},
  journal={Artificial Intelligence},
  volume={77},
  number={1},
  pages={95--127},
  year={1995},
  publisher={Elsevier}
}

@inproceedings{arefin2016exploring,
  title={Exploring non-touchscreen gestures for smartwatches},
  author={Arefin Shimon, Shaikh Shawon and Lutton, Courtney and Xu, Zichun and Morrison-Smith, Sarah and Boucher, Christina and Ruiz, Jaime},
  booktitle={Proceedings of the 2016 CHI Conference on Human Factors in Computing Systems},
  pages={3822--3833},
  year={2016}
}

@inproceedings{koelle2018acceptable,
  title={(Un) Acceptable!?! Re-thinking the Social Acceptability of Emerging Technologies},
  author={Koelle, Marion and Boll, Susanne and Olsson, Thomas and Williamson, Julie and Profita, Halley and Kane, Shaun and Mitchell, Robb},
  booktitle={Extended Abstracts of the 2018 CHI Conference on Human Factors in Computing Systems},
  pages={1--8},
  year={2018}
}

@inproceedings{rico2010usable,
  title={Usable gestures for mobile interfaces: evaluating social acceptability},
  author={Rico, Julie and Brewster, Stephen},
  booktitle={Proceedings of the SIGCHI Conference on Human Factors in Computing Systems},
  pages={887--896},
  year={2010}
}

@article{abdul2015survey,
  title={Survey on chatbot design techniques in speech conversation systems},
  author={Abdul-Kader, Sameera A and Woods, JC},
  journal={International Journal of Advanced Computer Science and Applications},
  volume={6},
  number={7},
  year={2015},
  publisher={The Science and Information (SAI) Organization}
}

@article{ferguson2012learning,
  title={Learning analytics: drivers, developments and challenges},
  author={Ferguson, Rebecca},
  journal={International Journal of Technology Enhanced Learning},
  volume={4},
  number={5/6},
  pages={304--317},
  year={2012}
}

@article{siemens2013learning,
  title={Learning analytics: The emergence of a discipline},
  author={Siemens, George},
  journal={American Behavioral Scientist},
  volume={57},
  number={10},
  pages={1380--1400},
  year={2013},
  publisher={Sage Publications Sage CA: Los Angeles, CA}
}

@article{koelle2019acceptable,
  title={What is (un) acceptable? thoughts on social acceptability in HCI research},
  author={Koelle, Marion and Olsson, Thomas and Mitchell, Robb and Williamson, Julie and Boll, Susanne},
  journal={interactions},
  volume={26},
  number={3},
  pages={36--40},
  year={2019},
  publisher={ACM New York, NY, USA}
}

@article{gavsevic2015let,
  title={Letâ€™s not forget: Learning analytics are about learning},
  author={Ga{\v{s}}evi{\'c}, Dragan and Dawson, Shane and Siemens, George},
  journal={TechTrends},
  volume={59},
  number={1},
  pages={64--71},
  year={2015},
  publisher={Springer}
}

@misc{dillenbourg2002over,
  title={Over-scripting CSCL: The risks of blending collaborative learning with instructional design.},
  author={Dillenbourg, Pierre},
  year={2002}
}

@incollection{dillenbourg2010technology,
  title={Technology for classroom orchestration},
  author={Dillenbourg, Pierre and Jermann, Patrick},
  booktitle={New science of learning},
  pages={525--552},
  year={2010},
  publisher={Springer}
}

@incollection{feigenbaum2013hath,
  title={What hath Simon wrought?},
  author={Feigenbaum, Edward A},
  booktitle={Complex information processing},
  pages={185--202},
  year={2013},
  publisher={Psychology Press}
}

@article{rienties2016impact,
  title={The impact of learning design on student behaviour, satisfaction and performance: A cross-institutional comparison across 151 modules},
  author={Rienties, Bart and Toetenel, Lisette},
  journal={Computers in Human Behavior},
  volume={60},
  pages={333--341},
  year={2016},
  publisher={Elsevier}
}

@misc{dillenbourg1999you,
  title={What do you mean by collaborative learning?},
  author={Dillenbourg, Pierre},
  year={1999}
}